@inproceedings{2002streaming,
  title={Streaming-data algorithms for high-quality clustering},
  author={O'callaghan, Liadan and Mishra, Nina and Meyerson, Adam and Guha, Sudipto and Motwani, Rajeev},
  booktitle={Data Engineering, 2002. Proceedings. 18th International Conference on},
  pages={685--694},
  year={2002},
  organization={IEEE}
}

@inproceedings{1996birch,
  title={BIRCH: an efficient data clustering method for very large databases},
  author={Zhang, Tian and Ramakrishnan, Raghu and Livny, Miron},
  booktitle={ACM Sigmod Record},
  volume={25},
  number={2},
  pages={103--114},
  year={1996},
  organization={ACM}
}
